@ARTICLE{7740858, 
author={}, 
journal={IEEE Std 1849-2016}, 
title={IEEE Standard for eXtensible Event Stream (XES) for Achieving Interoperability in Event Logs and Event Streams}, 
year={2016}, 
volume={}, 
number={}, 
pages={1-50}, 
keywords={grammars;IEEE standards;open systems;XML;IEEE standard;extensible event stream;interoperability;event logs;event streams;IEEE Std 1849-2016;grammar;tag-based language;information systems;XML schema;XES extension prototypes;IEEE Standards;Event recognition;Behavioral sciences;XML;Information systems;Semantics;Grammar;event log;event stream;extensions;IEEE 1849(TM);system behavior;XML}, 
doi={10.1109/IEEESTD.2016.7740858}, 
ISSN={}, 
month={Nov},}

@techreport{def,
    author={Christian W. GÃ¼nther \and Eric Verbeek},
    title={XES Standard Definition},
    year={2014},
    url={http://www.xes-standard.org/_media/xes/xesstandarddefinition-2.0.pdf},
    month={Mar},
}