
@manual{iso,
  title = {Systems and software engineering — High-level Petri nets — Part 1: Concepts, definitions and graphical notation},
  organization = {International Organization for Standardization \and International Electrotechnical Commission},
  year = {2004}
}

@book{ccbook,
  author    = {
        Josep Carmona \and
        Boudewijn van Dongen \and
        Andreas Solti \and
        Matthias Weidlich
}, 
  title     = {Conformance Checking},
  publisher = {Springer International Publishing},
  year      = 2018,
  edition   = 1,
  isbn      = {978-3-319-99413-0}
}

@article{rozinat,
  title={Process mining: conformance and extension},
  author={Rozinat, Anne},
  year={2010},
  publisher={Technische Universiteit Eindhoven}
}

@misc{xestools,
    title={Tools supporting XES},
    url={http://www.xes-standard.org/tools}
}

@techreport{madreport,
  author       = {Madhavi Shankar}, 
  title        = {XES CERTIFICATION FORPM4PY 0.1: LIBRARY},
  institution  = {RWTH Aachen},
  year         = 2018,
  number       = 3,
  month        = 11,
  day          = 19
}

@misc{promcpn,
  title = {ProM CPN Library},
  url = {http://www.processmining.org/tools/promcpn}
}

@misc{benchmarks,
  title = {PM4Py Benchmarks},
  url = {http://pm4py.pads.rwth-aachen.de/benchmarks/}
}

@misc{docs,
  title = {PM4Py Documentation},
  url = {http://pm4py.org/}
}

@inproceedings{cooperative,
  title={Cooperative arrival management in air traffic control-a coloured Petri net model of sequence planning},
  author={Oberheid, Hendrik and S{\"o}ffker, Dirk},
  booktitle={International Conference on Applications and Theory of Petri Nets},
  pages={348--367},
  year={2008},
  organization={Springer}
}

@incollection{pmbook,
  title={Data science in action},
  author={Van Der Aalst, Wil},
  booktitle={Process Mining},
  pages={3--23},
  year={2016},
  publisher={Springer}
}

@misc{insta,
  author={Instagram Engineering},
  title={Web Service Efficiency at Instagram with Python},
  url={https://instagram-engineering.com/web-service-efficiency-at-instagram-with-python-4976d078e366},
  year=2016,
  month=6,
  day=21
}

@misc{spotify,
  author={Geoff van der Meer},
  title={How we use Python at Spotify},
  url={https://labs.spotify.com/2013/03/20/how-we-use-python-at-spotify/},
  year=2013,
  month=3,
  day=20
}

@misc{amazon,
  title={Explore Python on AWS},
  url={https://aws.amazon.com/developer/language/python/}
}

@misc{cpntools,
  title={CPN Tools},
  url={http://cpntools.org/}
}
