
@article{csm-intro,
author = {Maikel L van Eck \and Natalia Sidorova \and Wil MP van der Aalst},
title = {Discovering and exploring state-based models for multi-perspective processes},
journal = {Springer, Cham},
pages = {142-157},
year = {2014},
month = {September},
day =  {18}
}

@article{cpps,
author = {Alexandra Mazak \and Manuel Wimmer \and Polina Patsuk-Boesch},
title = {Reverse engineering of production processes based on Markov chains},
journal = {2017 13th IEEE Conference on Automation Science and Engineering (CASE)},
year = {2017},
month = {August},
}

@article{patient,
author = {Sergey V.Kovalchuka \and Anastasia A.Funknera \and Oleg G.Metskera \and Aleksey N.Yakovlev},
title = {Simulation of patient flow in multiple healthcare units using process and data mining techniques for model identification},
journal = {Journal of Biomedical Informatics},
pages = {128-142},
year = {2017},
month = {June},
}

@misc{prom,
Title={ProM CSM Miner},
url = {https://svn.win.tue.nl/repos/prom/Packages/CSMMiner/}
}

@misc{framework,
Title={Web Applications \& Frameworks},
author={Python},
url = {https://docs.python-guide.org/scenarios/web/}
}

@misc{danjou,
Title={Is Python a Good Choice for Entreprise Projects?},
author={Julien Danjou},
year={2018},
month={April},
url = {https://julien.danjou.info/is-python-a-good-choice-for-entreprise-projects/}
}

@misc{pm,
Title={PM4Py},
url = {http://pm4py.org/}
}

@article{Linhart2008,
Author="J. M. Linhart",
Title="Algorithm 885: Computing the logarithm of the normal distribution.",
Journal="ACM Transactions on Mathematical Software",
Pages="Article 20",
Volume=35,
Year=2008
}
